<?xml version="1.0" encoding="UTF-8"?><marc:collection xmlns:marc="http://www.loc.gov/MARC21/slim" xmlns:xsi="http://www.w3.org/2001/XMLSchema-instance" xsi:schemaLocation="http://www.loc.gov/MARC21/slim http://www.loc.gov/standards/marcxml/schema/MARC21slim.xsd"><marc:record>
        <marc:leader>09174ctm a2200697Ka 4500</marc:leader>
        <marc:controlfield tag="001">225438</marc:controlfield>
        <marc:controlfield tag="005">20210807113957.0</marc:controlfield>
        <marc:controlfield tag="008">090630s14uu    it            000 0 lat d</marc:controlfield>
        <marc:datafield tag="035" ind1=" " ind2=" ">
            <marc:subfield code="a">(OCoLC)ocn419477122</marc:subfield>
        </marc:datafield>
        <marc:datafield tag="040" ind1=" " ind2=" ">
            <marc:subfield code="a">DFo</marc:subfield>
            <marc:subfield code="b">eng</marc:subfield>
            <marc:subfield code="e">amremm</marc:subfield>
            <marc:subfield code="c">UXG</marc:subfield>
            <marc:subfield code="d">UtOrBLW</marc:subfield>
        </marc:datafield>
        <marc:datafield tag="041" ind1="0" ind2=" ">
            <marc:subfield code="a">lat</marc:subfield>
            <marc:subfield code="a">grc</marc:subfield>
        </marc:datafield>
        <marc:datafield tag="100" ind1="0" ind2=" ">
            <marc:subfield code="a">Juvenal,</marc:subfield>
            <marc:subfield code="e">author.</marc:subfield>
        </marc:datafield>
        <marc:datafield tag="240" ind1="1" ind2="0">
            <marc:subfield code="a">Works</marc:subfield>
        </marc:datafield>
        <marc:datafield tag="245" ind1="1" ind2="0">
            <marc:subfield code="a">Satyrae ... [etc.]</marc:subfield>
            <marc:subfield code="h">[manuscript],</marc:subfield>
            <marc:subfield code="f">ca. 15th century.</marc:subfield>
        </marc:datafield>
        <marc:datafield tag="300" ind1=" " ind2=" ">
            <marc:subfield code="a">102 leaves ;</marc:subfield>
            <marc:subfield code="c">205 x 155 mm</marc:subfield>
        </marc:datafield>
        <marc:datafield tag="336" ind1=" " ind2=" ">
            <marc:subfield code="a">text</marc:subfield>
            <marc:subfield code="b">txt</marc:subfield>
            <marc:subfield code="2">rdacontent</marc:subfield>
        </marc:datafield>
        <marc:datafield tag="337" ind1=" " ind2=" ">
            <marc:subfield code="a">unmediated</marc:subfield>
            <marc:subfield code="b">n</marc:subfield>
            <marc:subfield code="2">rdamedia</marc:subfield>
        </marc:datafield>
        <marc:datafield tag="340" ind1=" " ind2=" ">
            <marc:subfield code="a">Manuscript on paper.</marc:subfield>
        </marc:datafield>
        <marc:datafield tag="500" ind1=" " ind2=" ">
            <marc:subfield code="a">Manuscript codex.</marc:subfield>
        </marc:datafield>
        <marc:datafield tag="546" ind1=" " ind2=" ">
            <marc:subfield code="a">In Latin with annotations in Latin and Greek.</marc:subfield>
        </marc:datafield>
        <marc:datafield tag="520" ind1="2" ind2=" ">
            <marc:subfield code="a">Contains satires on Roman life by Juvenal; a sermon on the expulsion of the Turks from Greece by Pope Pius the Second; a poem on the condemnation of poverty by Francisco de Fiano;  the satires of Persius Flaccus; and excerpts from Ovid, with notes on scansion.</marc:subfield>
        </marc:datafield>
        <marc:datafield tag="500" ind1=" " ind2=" ">
            <marc:subfield code="a">Title supplied by cataloger.</marc:subfield>
        </marc:datafield>
        <marc:datafield tag="505" ind1="0" ind2=" ">
            <marc:subfield code="a">1. leaf 2r: "[rubr.] Verba Pape Pii secundi quae habuit in pratis apud pontem Milui[u]m in occursu captis beati Andree apostoli in suggesto ad id: preparato die xii Aprilis 1462, astante senata cardinalium et magna populi coram. [text] Advenisti tandem, o sacratissimum et odoratissimum sancti Apostoli caput. Turcorum tua te sede furor expulit. Ad fratrem tuum et apostulorum principem confugisti exulans ... multa sunt, transeat ad impios Turcos et ad nationes barbaras, quae Christum Dominum inhonorant. [rubr.] Finis. Deo gratias". (I Commentarii / edited by Luigi Totaro. Milan: Adelphi Edizioni, 1984, p. 1510-1514).</marc:subfield>
        </marc:datafield>
        <marc:datafield tag="505" ind1="8" ind2=" ">
            <marc:subfield code="a">2. leaves 3v-82v: "[leaves 3v-4v contain notes on the satires]; [leaf 5r: rubr.] Materiam et causas Satyrarum hac inspice prima D. Iuni Iuvenulis aquinatis. Liber incipit foeliciter. [text, Satura I] [S]emper ego auditor tantum? numquamne reponam vexatus toties rauci Theseide Cordi? ... experiar quid concedatur in illis quorum Flaminia tegitur cinis atque Latina. [leaf 8v: Satura II] Ultra Sauromatas fugere hinc libet et glacialem Oceanum, quoties aliquid de moribus audent ... mittentur brace, cultelli, frena, flagellum; sic pretextatos referunt Artaxata mores. [leaf 12r: Satura III] Quamuis digressu ueteris confusus amici, laudo tamen uacuis quod sedem figere Cumis ... ni pudet illas, auditor gelidos ueniam caligatus in agros. [leaf 18v: Satura IV] Ecce iterum Crispinus! adest mihi sepe uocandus ad partes ... postquam cerdonibus esse timendus coeperat: hoc nocuit Lamiarum caede madenti. [leaf 22r: Satura V] Si te propositi nondum pudet atque eadem mens est, ut bona summa putes ... nec dura timebis flagra pati, his epulis et tali dignus amico. [leaf 25v: Satura VI] Credo pudicitiam Saturno rege moratam in terris uisamque diu ... si pregustaret Atrides Pontica ter uicti cautus medicami[n]a regis. [leaf 39r: Satura VII] Et spes et ratio studiorum in Cesare tantum; solus enim tristes hac tempestate ... et cum se uerterit annus, accipe uictori populus quod postulat aurum. [leaf 44r: Satura VIII] Stem[m]ata quid faciunt? quid prodest, Pontice, longo sanguine censeri ... tuorum aut pastor fuit aut illud quod dicere nolo. [leaf 49r: Satura IX] Scire uelim quare totiens mihi, Neuole, tristis occurras fronte obducta ... quae Siculos cantus effugit remige surdo. [leaf 52r: Satura X] Omnibus in terris, quae sunt a Gadibus usque Auroram et Gangen ... sed te, nos facimus, fortuna, deam celoque locamus. [leaf 59v: Satura XI] Atticus eximie si cenat, lautus habetur; si Rutilus demens quid enim maiore cachino ... talis quoque tedia uite magna; uoluptates commendat rarior usus. [leaf 63v: Satura XII] Natali, Coruine, die mihi carior hec lux, qua festus promissa ... montibus aurum exaequet, nec amet quenquam nec ametur ab ullo. [leaf 66r: Satura XIII] Exemplo quodcumque malo commititur, ipsi displicet auctori ... tandemque fatebere letus nec Surdum nec Tyresiam quemquam esse deorum. [leaf 71r: Satura XIV] Plurima sunt, Fuscine, et fama digna sinistra et nitidis maculam ... indulsit Caesar cui Claudius omnia, cuius paruit imperiis uxorem occidere iussus. [leaf 78r: Satura XV] Quis numerare queat foelicis premia, Galle, militie? ... et leti phaleris omnes et torquibus omnes. [leaf 79r: Satura XVI] Quis nescit, Volusi Bitinice, qualia demens Egyptos portenta colat ... cunctis animalibus abstinuit qui tamquam homine et uentri indulsit non omne legumen. [rubr.] finis." (D. Iunii Iuvenalis Saturae Sedecim / edited by James Willis. Stutgardiae: Teubner, 1997, p. 1-213).</marc:subfield>
        </marc:datafield>
        <marc:datafield tag="505" ind1="8" ind2=" ">
            <marc:subfield code="a">3. leaf 83r: "[rubr.] C. Francisci de Fyano Romani poete, De contennedis [sic] opibus &amp; diligenda paupertate. [text] Ascendat quicumque uelit fastigia felix ... Fictilibus quem mensa cibus suscepit egena. [rubr.] finis."</marc:subfield>
        </marc:datafield>
        <marc:datafield tag="505" ind1="8" ind2=" ">
            <marc:subfield code="a">4. leaves 85r-98v: "[rubr.] Persii Flacci poeta satirici. Incipit prologus. [text] [N]ec fonte labra prolui caballino, nec in bicipiti somniasse Parnaso memini  me, sic ut poeta repente prodirem ...; [leaf 85r: Satura I] O curas hominum! O quantum est in rebus inane! Quis leget hec ... his mane edictum, post prandia Calliroen do. [leaf 88r: Satura II] Hunc, Macrine, diem numera meliore lapillo ... pectus honesto. Haec cedo ut admoueam templis et farre litabo. [leaf 89v: Satura III]  Nempe hoc adsidue? Iam clarum mane fenestras intrat et augustas ostendit ... quod ipse non sani esse hominis non sanus iuret Horestes. [leaf 92r: Satura IV] Rem populi tractas? Barbatum hoc crede magistrum ... tollat sua munera Cerdo, tecum habita, noris, quam sit tibi curta supellex. [leaf 93r: Satura V] Vatibus hic mos est, centum sibi poscere uoces ... crassum ridet Sulfenius ingens et centum Grecos curto centusse licetur. [leaf 97r: Satura VI] Admouit iam bruma foco te, Basse, sabino ... depinge, ubi sistam. Inuentus, Crisippe, tui finitor acerui." (Saturarum liber / edited by Walter Kissel. Berlin: W. de Gruyter, 2007).</marc:subfield>
        </marc:datafield>
        <marc:datafield tag="500" ind1=" " ind2=" ">
            <marc:subfield code="a">Contains two bookmarks with manuscript notes removed from leaves 53 and 76 in envelope attached to inside cover.</marc:subfield>
        </marc:datafield>
        <marc:datafield tag="500" ind1=" " ind2=" ">
            <marc:subfield code="a">Collation: Leaves ii + 102 + ii; 1⁶ 2¹⁴ 3¹⁸ 4¹⁴ 5¹⁸ 6¹⁴ 7¹⁸(-1) 8²; modern flyleaf attached to first leaf in first signature; leaves 3r, 83v, and 84 are blank.</marc:subfield>
        </marc:datafield>
        <marc:datafield tag="500" ind1=" " ind2=" ">
            <marc:subfield code="a">Layout: Written in 26 long lines (dimensions of written space: 135 x 85 mm); blind board-ruling; copious interlinear and marginal scholia in Greek and Latin with manicules.</marc:subfield>
        </marc:datafield>
        <marc:datafield tag="500" ind1=" " ind2=" ">
            <marc:subfield code="a">Script: Written in Italian Humanistic script.</marc:subfield>
        </marc:datafield>
        <marc:datafield tag="500" ind1=" " ind2=" ">
            <marc:subfield code="a">Decoration: Decorated initials throughout.</marc:subfield>
        </marc:datafield>
        <marc:datafield tag="500" ind1=" " ind2=" ">
            <marc:subfield code="a">Decoration: Coat of arms (leaf 1r) with the letters "P" and "B", presumably in reference to Paulus Botini.</marc:subfield>
        </marc:datafield>
        <marc:datafield tag="563" ind1=" " ind2=" ">
            <marc:subfield code="a">Bound in 19th-century white vellum binding with marble endpapers. Spine title: Juvenalis Satrae MS 1462.</marc:subfield>
        </marc:datafield>
        <marc:datafield tag="500" ind1=" " ind2=" ">
            <marc:subfield code="a">Origin: Transcribed by Paulus Botini de Gotelengo in Italy during the late 15th century. Scribe's name is written on leaf 1r.</marc:subfield>
        </marc:datafield>
        <marc:datafield tag="500" ind1=" " ind2=" ">
            <marc:subfield code="a">Watermark: Oxhead.</marc:subfield>
        </marc:datafield>
        <marc:datafield tag="500" ind1=" " ind2=" ">
            <marc:subfield code="a">Edges cut slightly affecting text.</marc:subfield>
        </marc:datafield>
        <marc:datafield tag="561" ind1="1" ind2=" ">
            <marc:subfield code="a">Formerly owned by Paulus Botini (arms); Phillipps; W.T. Smedley (bookplate).</marc:subfield>
        </marc:datafield>
        <marc:datafield tag="500" ind1=" " ind2=" ">
            <marc:subfield code="a">Shelfmark: Washington, D.C., Folger Shakespeare Library, MS V.a.108.</marc:subfield>
        </marc:datafield>
        <marc:datafield tag="510" ind1="4" ind2=" ">
            <marc:subfield code="a">Ricci, S. de. Census of medieval and Renaissance manuscripts in the United States and Canada,</marc:subfield>
            <marc:subfield code="c">SM.14</marc:subfield>
        </marc:datafield>
        <marc:datafield tag="510" ind1="4" ind2=" ">
            <marc:subfield code="a">Phillipps, T. Phillipps manuscripts,</marc:subfield>
            <marc:subfield code="c">9566</marc:subfield>
        </marc:datafield>
        <marc:datafield tag="500" ind1=" " ind2=" ">
            <marc:subfield code="a">The critical edition of Juvenal's Satires inverts the order of the manuscript's fifteenth and sixteenth satires.</marc:subfield>
        </marc:datafield>
        <marc:datafield tag="583" ind1="0" ind2=" ">
            <marc:subfield code="a">cataloged</marc:subfield>
            <marc:subfield code="c">2008-12</marc:subfield>
            <marc:subfield code="k">Andrew Sulavik</marc:subfield>
            <marc:subfield code="x">Item cataloged in hand and from existing descriptions.</marc:subfield>
            <marc:subfield code="2">local</marc:subfield>
        </marc:datafield>
        <marc:datafield tag="541" ind1="1" ind2=" ">
            <marc:subfield code="a">Purchased as part of the Smedley collection in 1924 by Henry Clay Folger.</marc:subfield>
            <marc:subfield code="e">Smedley 14</marc:subfield>
        </marc:datafield>
        <marc:datafield tag="655" ind1=" " ind2="0">
            <marc:subfield code="a">Manuscripts, Latin</marc:subfield>
            <marc:subfield code="z">Italy</marc:subfield>
            <marc:subfield code="y">15th century.</marc:subfield>
        </marc:datafield>
        <marc:datafield tag="655" ind1=" " ind2="7">
            <marc:subfield code="a">Satires (document genre)</marc:subfield>
            <marc:subfield code="z">Italy</marc:subfield>
            <marc:subfield code="y">15th century</marc:subfield>
            <marc:subfield code="v">Manuscripts.</marc:subfield>
            <marc:subfield code="2">aat</marc:subfield>
        </marc:datafield>
        <marc:datafield tag="655" ind1=" " ind2="7">
            <marc:subfield code="a">Poems</marc:subfield>
            <marc:subfield code="z">Italy</marc:subfield>
            <marc:subfield code="y">15th century</marc:subfield>
            <marc:subfield code="v">Manuscripts.</marc:subfield>
            <marc:subfield code="2">rbgenr</marc:subfield>
        </marc:datafield>
        <marc:datafield tag="655" ind1=" " ind2="7">
            <marc:subfield code="a">Annotations (Provenance)</marc:subfield>
            <marc:subfield code="2">rbprov</marc:subfield>
            <marc:subfield code="5">DFo</marc:subfield>
        </marc:datafield>
        <marc:datafield tag="655" ind1=" " ind2="7">
            <marc:subfield code="a">Manicules (Provenance)</marc:subfield>
            <marc:subfield code="2">rbprov</marc:subfield>
            <marc:subfield code="5">DFo</marc:subfield>
        </marc:datafield>
        <marc:datafield tag="655" ind1=" " ind2="7">
            <marc:subfield code="a">Sermons.</marc:subfield>
            <marc:subfield code="2">rbgenr</marc:subfield>
        </marc:datafield>
        <marc:datafield tag="700" ind1="1" ind2=" ">
            <marc:subfield code="a">Botini, Paul,</marc:subfield>
            <marc:subfield code="d">active 15th century,</marc:subfield>
            <marc:subfield code="e">scribe.</marc:subfield>
        </marc:datafield>
        <marc:datafield tag="700" ind1="1" ind2=" ">
            <marc:subfield code="a">Fiano, Francesco da,</marc:subfield>
            <marc:subfield code="d">-1421.</marc:subfield>
            <marc:subfield code="0">http://id.loc.gov/authorities/names/no2009101203</marc:subfield>
        </marc:datafield>
        <marc:datafield tag="710" ind1="2" ind2=" ">
            <marc:subfield code="a">Catholic Church.</marc:subfield>
            <marc:subfield code="b">Pope (1458-1464 : Pius II)</marc:subfield>
            <marc:subfield code="0">http://id.loc.gov/authorities/names/n83196976</marc:subfield>
        </marc:datafield>
        <marc:datafield tag="700" ind1="1" ind2=" ">
            <marc:subfield code="a">Phillipps, Thomas,</marc:subfield>
            <marc:subfield code="c">Sir,</marc:subfield>
            <marc:subfield code="d">1792-1872,</marc:subfield>
            <marc:subfield code="e">former owner.</marc:subfield>
            <marc:subfield code="5">DFo</marc:subfield>
            <marc:subfield code="0">http://id.loc.gov/authorities/names/n50078542</marc:subfield>
        </marc:datafield>
        <marc:datafield tag="700" ind1="1" ind2=" ">
            <marc:subfield code="a">Smedley, William T.</marc:subfield>
            <marc:subfield code="q">(William Thomas),</marc:subfield>
            <marc:subfield code="d">1851-1934,</marc:subfield>
            <marc:subfield code="e">former owner.</marc:subfield>
            <marc:subfield code="5">DFo</marc:subfield>
            <marc:subfield code="0">http://id.loc.gov/authorities/names/nr00034122</marc:subfield>
        </marc:datafield>
        <marc:datafield tag="700" ind1="1" ind2=" ">
            <marc:subfield code="a">Folger, Henry Clay,</marc:subfield>
            <marc:subfield code="d">1857-1930,</marc:subfield>
            <marc:subfield code="e">former owner.</marc:subfield>
            <marc:subfield code="5">DFo</marc:subfield>
            <marc:subfield code="0">http://id.loc.gov/authorities/names/nr2002007592</marc:subfield>
        </marc:datafield>
        <marc:datafield tag="700" ind1="1" ind2=" ">
            <marc:subfield code="a">Folger, Emily C. J.</marc:subfield>
            <marc:subfield code="q">(Emily Clara Jordan),</marc:subfield>
            <marc:subfield code="d">1858-1936,</marc:subfield>
            <marc:subfield code="e">former owner.</marc:subfield>
            <marc:subfield code="5">DFo</marc:subfield>
            <marc:subfield code="0">http://id.loc.gov/authorities/names/nr2003016105</marc:subfield>
        </marc:datafield>
        <marc:datafield tag="752" ind1=" " ind2=" ">
            <marc:subfield code="a">Italy.</marc:subfield>
        </marc:datafield>
        <marc:datafield tag="700" ind1="0" ind2=" ">
            <marc:subfield code="a">Ovid,</marc:subfield>
            <marc:subfield code="d">43 B.C.-17 A.D. or 18 A.D.</marc:subfield>
            <marc:subfield code="0">http://id.loc.gov/authorities/names/n79041738</marc:subfield>
        </marc:datafield>
        <marc:datafield tag="700" ind1="0" ind2="2">
            <marc:subfield code="a">Persius.</marc:subfield>
            <marc:subfield code="t">Works.</marc:subfield>
            <marc:subfield code="0">http://id.loc.gov/authorities/names/n2001062311</marc:subfield>
        </marc:datafield>
        <marc:datafield tag="700" ind1="0" ind2=" ">
            <marc:subfield code="a">Pius</marc:subfield>
            <marc:subfield code="b">II,</marc:subfield>
            <marc:subfield code="c">Pope,</marc:subfield>
            <marc:subfield code="d">1405-1464.</marc:subfield>
            <marc:subfield code="0">http://id.loc.gov/authorities/names/n50081908</marc:subfield>
        </marc:datafield>
        <marc:datafield tag="852" ind1="8" ind2=" ">
            <marc:subfield code="a">Folger Shakespeare Library</marc:subfield>
            <marc:subfield code="b">DeckC-Rare</marc:subfield>
            <marc:subfield code="h">V.a.108</marc:subfield>
            <marc:subfield code="x">LK-S; rev 200812 ats/aeb</marc:subfield>
        </marc:datafield>
    </marc:record></marc:collection>